
@book{barndorff-nielsen,
     author = "Ole E. Barndorff-Nielsen",
       year = "1978",
      title = "Information and Exponential Families",
  publisher = "Wiley",
    address = "Chichester, England",
}

@BOOK{brown,
     AUTHOR = {Lawrence D. Brown},
       YEAR = {1986},
      TITLE = {Fundamentals of Statistical Exponential Families with
               Applications in Statistical Decision Theory},
  PUBLISHER = {Institute of Mathematical Statistics},
    ADDRESS = {Hayward, CA},
}

@book{caswell,
     author = "Hal Caswell",
       year = "2001",
      title = "Matrix Population Models: Construction, Analysis,
                and Interpretation",
    edition = "second",
  publisher = "Sinauer Associates",
    address = "Sunderland, MA",
}

@book{charlesworth,
     author = "Brian Charlesworth",
       year = "1994",
      title = "Evolution in Age-Structured Populations",
    edition = "second",
  publisher = "Cambridge University Press",
    address = "Cambridge, England",
}

@article{aster-hornworm,
     author = "Daniel J. Eck and Ruth G. Shaw and Charles J. Geyer
                and Joel G. Kingsolver",
       year = "2015",
      title = "An integrated analysis of phenotypic selection on
                insect body size and development time",
    journal = "Evolution",
     volume = "69",
      pages = "2525--2532",
}

@book{feller,
     AUTHOR = "William Feller",
       YEAR = "1971",
      TITLE = "An Introduction to Probability Theory and Its Applications",
     VOLUME = "II",
    EDITION = "second",
  PUBLISHER = "John Wiley \& Sons",
    ADDRESS = "New York",
}

@book{ferguson,
     AUTHOR = "Thomas S. Ferguson",
       YEAR = "1996",
      TITLE = "A Course in Large Sample Theory",
  PUBLISHER = "Chapman \& Hall",
    ADDRESS = "London",
}

@article{fisher1912,
     author = "Ronald Aylmer Fisher",
       year = "1912",
      title = "On an absolute criterion for fitting frequency curves",
    journal = "Messenger of Mathematics",
     volume = "41",
      pages = "155--160",
}

@article{fisher1922,
     author = "Ronald Aylmer Fisher",
       year = "1922",
      title = "On the mathematical foundations of theoretical statistics",
    journal = "Philosophical Transactions of the Royal Society of London,
                Series A",
     volume = "222",
      pages = "309--368",
}

@book{fisher,
     author = "Ronald Aylmer Fisher",
       year = "1930",
      title = "The Genetical Theory of Natural Selection",
  publisher = "Clarendon Press",
    address = "Oxford, England",
}

@phdthesis{geyer-thesis,
     author = "Charles James Geyer",
       year = "1990",
      title = "Likelihood and Exponential Families",
     school = "University of Washington",
        url = "http://hdl.handle.net/11299/56330",
}

@article{geyer-gdor,
     author = "Charles James Geyer",
       YEAR = {2009},
      TITLE = {Likelihood inference in exponential families and directions of
               recession},
    JOURNAL = {Electronic Journal of Statistics},
     VOLUME = {3},
      PAGES = {259--289},
}

@techreport{aster-philosophical,
     author = "Charles James Geyer",
       year = "2010",
      title = "A Philosophical Look at Aster Models",
     number = "676",
institution = "School of Statistics, University of Minnesota",
        url = "http://hdl.handle.net/11299/57163",
}

@manual{pooh-package,
     author = "Charles James Geyer",
       year = "2017",
      title = "R package \texttt{pooh}: Partial Orders and Relations,
                  version 0.3-2",
        url = "http://cran.r-project.org/package=pooh",
}

@manual{aster-package,
     author = "Charles James Geyer",
       year = "2019",
      title = "R package \texttt{aster}: Aster Models, version 1.0-3",
        url = "http://cran.r-project.org/package=aster",
}

@manual{aster2-package,
     author = "Charles James Geyer",
       year = "2017",
      title = "R package \texttt{aster2}: Aster Models, version 0.3",
        url = "http://cran.r-project.org/package=aster2",
}

@article{aster1,
     author = "Charles J. Geyer and Stuart Wagenius and Ruth G. Shaw",
       year = "2007",
      title = "Aster Models for Life History Analysis",
    journal = "Biometrika",
     volume = "94",
      pages = "415--426",
}

@techreport{aster1-tr,
     author = "Charles J. Geyer and Stuart Wagenius and Ruth G. Shaw",
       year = "2005",
      title = "Aster Models for Life History Analysis",
     number = "644",
institution = "School of Statistics, University of Minnesota",
        url = "http://hdl.handle.net/11299/212317",
}

@article{aster2,
     author = "Ruth G. Shaw and Charles J. Geyer and Stuart Wagenius and
                Helen H. Hangelbroek and Julie R. Etterson",
       year = "2008",
      title = "Unifying life history analysis for inference of fitness
                and population growth",
    journal = "American Naturalist",
     volume = "172",
      pages = "E35--E47",
}

@article{aster3,
     author = "Ruth G. Shaw and Charles J. Geyer",
       year = "2010",
      title = "Inferring fitness landscapes",
    journal = "Evolution",
     volume = "64",
      pages = "2510--2520",
}

@article{reaster,
     author = "Charles J. Geyer and Caroline E. Ridley and Robert G. Latta
                and Julie R. Etterson and Ruth G. Shaw",
       year = "2013",
      title = "Local Adaptation and Genetic Effects on Fitness: Calculations
                for Exponential Family Models with Random Effects",
    journal = "Annals of Applied Statistics",
     volume = "7",
      pages = "1778--1795",
}

@techreport{reaster-tr,
     author = "Charles J. Geyer and Caroline E. Ridley and Robert G. Latta
                and Julie R. Etterson and Ruth G. Shaw",
       year = "2012",
      title = "Aster Models with Random Effects via Penalized Likelihood",
     number = "692",
institution = "School of Statistics, University of Minnesota",
        url = "http://hdl.handle.net/11299/135870",
}

@article{aster-aphid,
     author = "Ruth G. Shaw and Stuart Wagenius and Charles J. Geyer",
       year = "2015",
      title = "The susceptibility of \emph{Echinacea angustifolia} to
                a specialist aphid: eco‚Äêevolutionary perspective on
                genotypic variation and demographic consequences",
    journal = "Journal of Ecology",
     volume = "103",
      pages = "809--818",
}

@article{stanton-geddes-tiffin-shaw,
     author = "John Stanton-Geddes and Peter Tiffin and Ruth G. Shaw",
       year = "2012",
      title = "Role of climate and competitors in limiting fitness across
                range edges of an annual plant",
    journal = "Ecology",
     volume = "93",
      pages = "1604--1613",
       note = "Supplemental material, \emph{Ecological Archives}, E093-142-A1,
                \url{http://esapubs.org/archive/ecol/E093/142/appendix-A.htm}",
}

@article{warwell-shaw,
     author = "Marcus V. Warwell and Ruth G. Shaw",
       year = "2017",
      title = "Climate-related genetic variation in a threatened tree species,
                \emph{Pinus albicaulis}",
    journal = "American Journal of Botany",
     volume = "104",
      pages = "1205--1218",
}

@article{goodman,
     author = "Leo A. Goodman",
       year = "1968",
      title = "An elementary approach to the population projection-matrix,
                to the population reproductive value, and to related topics
                in the mathematical theory of population growth",
    journal = "Demography",
     volume = "5",
      pages = "382--409",
}

@article{lambert,
     author = "Diane Lambert",
       year = "1992",
      title = "Zero-inflated {P}oisson regression, with an application
                to defects in manufacturing",
    journal = "Technometrics",
     volume = "34",
      pages = "1--14",
}

@article{lande-arnold,
     author = "Russell Lande and Stevan J. Arnold",
       year = "1983",
      title = "The measurement of selection on correlated characters",
    journal = "Evolution",
     volume = "37",
      pages = "1210--1226",
}

@book{lauritzen,
     author = "Steffen L. Lauritzen",
       year = "1996",
      title = "Graphical Models",
  publisher = "Oxford University Press",
    address = "New York",
}

@article{lenski-service,
     author = "Richard E. Lenski and Philip M. Service",
       year = "1982",
      title = "The statistical analysis of population growth rates calculated
                from schedules of survivorship and fecundity",
    journal = "Ecology",
     volume = "63",
      pages = "655--662",
}

@manual{r-core,
     author = "{R Core Team}",
       year = "2020",
      title = "R: A Language and Environment for Statistical Computing",
organization = "R Foundation for Statistical Computing",
    address = "Vienna, Austria",
        url = "https://www.R-project.org/",
}

@book{pawitan,
     author = "Yudi Pawitan",
       year = "2013",
      title = "In All Likelihood",
  publisher = "Oxford University Press",
    address = "Oxford, England",
}

@book{severini,
     author = "Thomas A. Severini",
       year = "2000",
     title = "Likelihood Methods in Statistics",
  publisher = "Oxford University Press",
    address = "Oxford, England",
}

@misc{geyer-5101-deck2,
     author = "Charles James Geyer",
       year = "2019",
      title = "Stat 5101 Lecture Slides: Deck 2, Axioms for Probability
              and Expectation, Consequences of Linearity of Expectation,
              Random Vectors, Time Series, Laws of Large Numbers,
              Bernoulli, Binomial, Hypergeometric,
              and Discrete Uniform Distributions",
        url = "http://www.stat.umn.edu/geyer/5101/slides/s2.pdf",
}

@misc{geyer-5101-deck5,
     author = "Charles James Geyer",
       year = "2019",
      title = "Stat 5101 Lecture Slides: Deck 5, Conditional Probability
                   and Expectation, Poisson Process, Multinomial
                   and Multivariate Normal Distributions",
        url = "http://www.stat.umn.edu/geyer/5101/slides/s5.pdf",
}

@misc{geyer-5102-deck3,
     author = "Charles James Geyer",
       year = "2015",
      title = "Stat 5102 Lecture Slides: Deck 3, Likelihood Inference",
        url = "http://www.stat.umn.edu/geyer/5102/slides/s3.pdf",
}

@incollection{geyer-no-n,
     author = "Charles James Geyer",
       year = "2013",
      title = "Asymptotics of Maximum Likelihood without the {LLN} or {CLT}
                or Sample Size Going to Infinity",
  booktitle = "Advances in Modern Statistical Theory and Applications: A
                Festschrift in honor of {M}orris L. {E}aton",
     editor = "Galin Jones and Xiaotong Shen",
  publisher = "Institute of Mathematical Statistics",
    address = "Beachwood, OH",
      pages = "1--24",
        doi = "10.1214/12-IMSCOLL1001",
}

@misc{geyer-8931-aster,
     author = "Charles James Geyer",
       year = "2018",
      title = "Statistics 8931 ({G}eyer, Fall 2018)",
        url = "http://www.stat.umn.edu/geyer/8931aster/",
}

@misc{geyer-8931-infinity,
     author = "Charles James Geyer",
       year = "2016",
      title = "Stat 8931 (Exponential Families) Lecture Notes: Two Examples
              of Agresti",
        url = "http://www.stat.umn.edu/geyer/8931expfam/infinity.pdf",
}

@misc{geyer-5101,
     author = "Charles James Geyer",
       year = "2019",
      title = "Statistics 5101 (Geyer, Spring 2019)",
        url = "http://www.stat.umn.edu/geyer/5101/",
       note = "Course first taught from slides and notes like these
              in Fall 2008
              (\url{http://www.stat.umn.edu/geyer/f08/5101}).",
}
@misc{geyer-5102,
     author = "Charles James Geyer",
       year = "2016",
      title = "Statistics 5102 (Geyer, Fall 2016)",
        url = "http://www.stat.umn.edu/geyer/5102/",
       note = "Course first taught from slides and notes like these
              in Spring 2009
              (\url{http://www.stat.umn.edu/geyer/s09/5102}).",
}

@book{aho-et-al,
     author = "Alfred V. Aho and John E. Hopcroft and Jeffrey D. Ullman",
       year = "1983",
      title = "Data Structures and Algorithms",
  publisher = "Addison-Wesley",
    address = "Reading, MA",
}

@book{cramer,
     author = "Harald Cram{\'{e}}r",
       year = "1951",
      title = "Mathematical Methods of Statistics",
  publisher = "Princeton University Press",
    address = "Princeton",
}

@article{guttman-what,
     author = "Louis Guttman",
       year = "1977",
      title = "What is Not What in Statistics",
    journal = "Journal of the Royal Statistical Society, Series D
                (The Statistician)",
     volume = "26",
      pages = "81--107",
}

@article{guttman-illogic,
     author = "Louis Guttman",
       year = "1985",
      title = "The Illogic of Statistical Inference for Cumulative Science",
    journal = "Applied Stochastic Models and Data Analysis",
     volume = "1",
      pages = "3--9",
}

@misc{geyer-3701,
     author = "Charles J. Geyer",
       year = "2017",
      title = "Stat 3701 Lecture Notes: Zero-Truncated Poisson Distribution",
        url = {http://www.stat.umn.edu/geyer/3701/notes/zero.html},
}

@book{tukey,
     author = "John W. Tukey",
       year = "1977",
      title = "Exploratory Data Analysis",
  publisher = "Addison-Wesley",
    address = "Reading, MA",
}

@book{hollander-wolfe-chicken,
     author = "Myles Hollander and Douglas A Wolfe and Eric Chicken",
    edition = "third",
       year = "2014",
      title = "Nonparametric Statistical Methods",
  publisher = "John Wiley \& Sons",
    address = "Hoboken, NJ",
}

@book{efron-tibshirani,
     author = "Bradley Efron and Robert Tibshirani",
       year = "1993",
      title = "An Introduction to the Bootstrap",
  publisher = "Chapman \& Hall",
    address = "New York",
}

@book{davison-hinkley,
     author = "A. C. Davison and D. V. Hinkley",
       year = "1997",
      title = "Bootstrap Methods and their Application",
  publisher = "Cambridge University Press",
    address = "New York",
}

@book{huber-ronchetti,
     author = "Peter J. Huber and Elvezio Ronchetti",
       year = "2009",
      title = "Robust Statistics",
    edition = "second",
  publisher = "John Wiley \& Sons",
    address = "Hoboken, NJ",
}

@book{hampel-et-al,
     author = "Frank R. Hampel and Elvezio M. Ronchetti and Peter J. Rousseeuw and Werner A. Stahel",
       year = "1986",
      title = "Robust Statistics: The Approach Based on Influence Functions",
  publisher = "John Wiley \& Sons",
    address = "New York",
}

@misc{brand-name-distributions,
     author = "Charles James Geyer",
       year = "2019",
      title = "Stat 5101 Notes: Brand Name Distributions",
        url = "http://www.stat.umn.edu/geyer/5101/notes/brand.pdf",
}

@misc{slides-5101-deck-6,
     author = "Charles James Geyer",
       year = "2019",
      title = "Stat 5101 Lecture  Slides: Deck 6: Existence of Integrals
               and Infinite Sums, Countable Additivity and Monotone
               Convergence, Existence of Moments, Correlation",
        url = "http://www.stat.umn.edu/geyer/5101/slides/s6.pdf",
}

@book{halmos-vector-spaces,
     author = "Paul R. Halmos",
      title = "Finite-Dimensional Vector Spaces",
    edition = "second",
       year = "1958",
  publisher = "Van Nostrand",
    address = "Princeton, NJ",
}

@book{halmos-set-theory,
     author = "Paul R. Halmos",
      title = "Naive Set Theory",
       year = "1960",
  publisher = "Van Nostrand",
    address = "Princeton, NJ",
}

@book{cuppens,
     author = "Roger Cuppens",
       year = "1975",
      title = "Decomposition of Multivariate Probability",
  publisher = "Academic Press",
    address = "New York",
}

@book{rockafellar,
    AUTHOR = {Rockafellar, R. Tyrrell},
     TITLE = {Convex Analysis},
 PUBLISHER = {Princeton University Press},
   ADDRESS = {Princeton, NJ},
      YEAR = {1970},
}

@book{rockafellar-wets,
    AUTHOR = {Rockafellar, R. Tyrrell and Wets, Roger J.-B.},
     TITLE = {Variational Analysis},
 PUBLISHER = {Springer-Verlag},
   ADDRESS = {Berlin},
      YEAR = {1998},
      NOTE = {Corrected printings contain extensive changes. We used
   the third corrected printing, 2010},
}

@book{rudin,
    AUTHOR = {Rudin, Walter},
     TITLE = {Functional Analysis},
   EDITION = {Second},
 PUBLISHER = {McGraw-Hill},
   ADDRESS = {New York},
      YEAR = {1991},
}

@article{geyer-constrained,
     author = "Charles J. Geyer",
      year  = "1991",
      title = "Constrained Maximum Likelihood Exemplified by Isotonic
              Convex Logistic Regression",
    journal = "Journal of the American Statistical Association",
     volume = "86",
      pages = "717--724",
}

@article{geyer-moller,
     author = "Charles J. Geyer and Jesper M{\o}ller",
       year = "1994",
      title = "Simulation Procedures and Likelihood Inference
              for Spatial Point Processes",
    journal = "Scandinavian Journal of Statistics",
     volume = "21",
      pages = "359--373",
}

@book{browder,
     author = "Andrew Browder",
       year = "1996",
      title = "Mathematical Analysis: An Introduction",
  publisher = "Springer-Verlag",
    address = "New York",
}
